@ARTICLE{Turing1937-pn,
  title    = "On computable numbers, with an application to the
              entscheidungsproblem",
  author   = "Turing, A M",
  journal  = "Proc. Lond. Math. Soc. (3)",
  volume   = "s2-42",
  number   =  1,
  pages    = "230--265",
  year     =  1937,
  language = "en"
}

@BOOK{Nimmo2017-ya,
  title     = "Le petit Larousse illustr{\'e}",
  author    = "Nimmo, Claude and {Larousse (Firm)}",
  publisher = "Larousse",
  year      =  2017,
  address   = "21, rue de Montparnasse 75283 Paris Cedex 06"
}

@BOOK{Romero2017-mk,
  title     = "Usages cr{\'e}atifs du num{\'e}rique pour l'apprentissage au
               {XXIe} si{\`e}cle",
  author    = "Romero, M and Lille, B and Pati{\~n}o, A",
  publisher = "Presses de l'Universit{\'e} du Qu{\'e}bec",
  year      =  2017
}

@MISC{noauthor_undated-vw,
  title        = "code",
  booktitle    = "Wiktionary.org",
  howpublished = "\url{https://fr.wiktionary.org/wiki/code}",
  note         = "Accessed: 2022-3-19",
  language     = "fr"
}

@BOOK{Dijkstra1976,
    title     = "A Discipline of Programming",
    author    = "Dijkstra, Edsger W.",
    publisher = "Prentice-Hall",
    year      =  1976,
    pages    = "vii--30",
}

@BOOK{BernardAmade2019,
    title = "Introduction à la programmation",
    author = "Amade, Bernard",
    publisher = "MA Editions",
    year = 2019,
    address = "Paris",
}

@proceedings{GerardBerry2015,
    title = "L'importance des langages en informatique",
    date            = {2015-11-04},
    author          = "Berry, Gerard",
    year            = 2015,
    address         = {INRIA de Rennes},
}

@book{GDowekJJLevy2006,
    title = "Introduction à la théorie des langages de programmation",
    author = "Dowek, Gilles. and Levy, Jean-Jacques",
    publisher = "Ellipses",
    year = 2006
}